@article{trevelingProb,
  issn      = {0030364X, 15265463},
  url       = {http://0-www-jstor-org.biblioteca-ils.tec.mx/stable/167517},
  author    = {Merrill M. Flood},
  journal   = {Operations Research},
  number    = {1},
  pages     = {61--75},
  publisher = {INFORMS},
  title     = {The Traveling-Salesman Problem},
  urldate   = {2022-04-30},
  volume    = {4},
  year      = {1956}
}

@article{ERDOGAN201762,
  title   = {An open source Spreadsheet Solver for Vehicle Routing Problems},
  journal = {Computers \& Operations Research},
  volume  = {84},
  pages   = {62-72},
  year    = {2017},
  issn    = {0305-0548},
  doi     = {https://doi.org/10.1016/j.cor.2017.02.022},
  url     = {https://www.sciencedirect.com/science/article/pii/S0305054817300552},
  author  = {Güneş Erdoğan}
}

@misc{koetsier-2022,
  author = {Koetsier, John},
  month  = {04},
  title  = {{E-Commerce Jumped 55\% During Covid To Hit \$1.7 Trillion}},
  url    = {https://www.forbes.com/sites/johnkoetsier/2022/03/15/pandemic-digital-spend-17-trillion/?sh=35c76c7e5035},
  year   = {2022}
}

@misc{decision2002economic,
  title     = {Economic Effects of Transportation: The Freight Story},
  author    = {Decision-Economics, HLB},
  year      = {2002},
  publisher = {Fairfax, VA: ICF Consulting}
}

@article{elshaer2020taxonomic,
  title     = {A taxonomic review of metaheuristic algorithms for solving the vehicle routing problem and its variants},
  author    = {Elshaer, Raafat and Awad, Hadeer},
  journal   = {Computers \& Industrial Engineering},
  volume    = {140},
  pages     = {106242},
  year      = {2020},
  publisher = {Elsevier}
}

@misc{united-nations-2015,
  author = {{United Nations}},
  title  = {{THE 17 GOALS | Sustainable Development}},
  url    = {https://sdgs.un.org/goals},
  year   = {2015}
}

@misc{google-2021,
  author = {{Google}},
  title  = {{Routing Options | OR-Tools |}},
  url    = {https://developers.google.com/optimization/routing/routing_options\#local\_search_options},
  year   = {2021}
}

@inproceedings{satopaa2011finding,
  title        = {Finding a" kneedle" in a haystack: Detecting knee points in system behavior},
  author       = {Satopaa, Ville and Albrecht, Jeannie and Irwin, David and Raghavan, Barath},
  booktitle    = {2011 31st international conference on distributed computing systems workshops},
  pages        = {166--171},
  year         = {2011},
  organization = {IEEE}
}